@article{von1951general,
  title={The general and logical theory of automata},
  author={Von Neumann, John and others},
  journal={1951},
  pages={1--41},
  year={1951}
}

@article{von1966theory,
  title={Theory of self-reproducing automata},
  author={Von Neumann, John and Burks, Arthur W and others},
  journal={IEEE Transactions on Neural Networks},
  volume={5},
  number={1},
  pages={3--14},
  year={1966}
}

@article{codd1968cellular,
  title={Cellular Automata, Academic Press},
  author={Codd, EF},
  journal={New York},
  year={1968}
}

@book{ilachinski2001cellular,
  title={Cellular automata: a discrete universe},
  author={Ilachinski, Andrew},
  year={2001},
  publisher={World Scientific Publishing Company}
}

@article{weiner1946mathematical,
  title={The mathematical formulation of the problem of conduction of impulses in a network of connected excitable elements specifically in cardiac muscle},
  author={Weiner, N and Rosenblunth, A},
  year={1946},
  publisher={ARCH INST CARDIOL MEXICO}
}

@article{gardner1970mathematical,
  title={Mathematical games},
  author={Gardner, Martin},
  journal={Scientific American},
  volume={222},
  number={6},
  pages={132--140},
  year={1970},
  publisher={JSTOR}
}

@article{ermentrout1993cellular,
  title={Cellular automata approaches to biological modeling},
  author={Ermentrout, G Bard and Edelstein-Keshet, Leah},
  journal={Journal of theoretical Biology},
  volume={160},
  number={1},
  pages={97--133},
  year={1993},
  publisher={Elsevier}
}

@article{wolfram1983statistical,
  title={Statistical mechanics of cellular automata},
  author={Wolfram, Stephen},
  journal={Reviews of modern physics},
  volume={55},
  number={3},
  pages={601},
  year={1983},
  publisher={APS}
}

@article{vichniac1984simulating,
  title={Simulating physics with cellular automata},
  author={Vichniac, G{\'e}rard Y},
  journal={Physica D: Nonlinear Phenomena},
  volume={10},
  number={1-2},
  pages={96--116},
  year={1984},
  publisher={Elsevier}
}